<record><leader>00000cas a22000007a 4500</leader><controlfield tag="001">14948852</controlfield><controlfield tag="008">861210d19141921iauwr ne      0    0eng d</controlfield><datafield ind1=" " ind2=" " tag="010"><subfield code="a">sn 86061207 </subfield></datafield><datafield ind1=" " ind2=" " tag="040"><subfield code="a">INP</subfield><subfield code="b">eng</subfield><subfield code="c">INP</subfield><subfield code="d">OCLCQ</subfield></datafield><datafield ind1=" " ind2=" " tag="042"><subfield code="a">msc</subfield></datafield><datafield ind1="0" ind2="4" tag="245"><subfield code="a">The Eldon forum and register.</subfield></datafield><datafield ind1=" " ind2=" " tag="260"><subfield code="a">Eldon, Iowa :</subfield><subfield code="b">Bert Davis,</subfield><subfield code="c">1914-1921.</subfield></datafield><datafield ind1=" " ind2=" " tag="300"><subfield code="a">8 v. :</subfield><subfield code="b">ill. ;</subfield><subfield code="c">57 cm.</subfield></datafield><datafield ind1=" " ind2=" " tag="310"><subfield code="a">Weekly</subfield></datafield><datafield ind1="0" ind2=" " tag="362"><subfield code="a">Vol. 23, no. 50 (Dec. 3, 1914)-v. 30, no. 5 (Feb. 3, 1921).</subfield></datafield><datafield ind1=" " ind2=" " tag="500"><subfield code="a">Publisher varies.</subfield></datafield><datafield ind1=" " ind2=" " tag="752"><subfield code="a">United States</subfield><subfield code="b">Iowa</subfield><subfield code="c">Wapello</subfield><subfield code="d">Eldon.</subfield></datafield><datafield ind1="0" ind2="0" tag="780"><subfield code="t">Eldon forum (Eldon, Iowa : 1906)</subfield><subfield code="w">(DLC)sn 86061206</subfield></datafield><datafield ind1="0" ind2="0" tag="785"><subfield code="t">Eldon forum (Eldon, Iowa : 1921)</subfield><subfield code="w">(DLC)sn 86061208</subfield></datafield></record>